<record><leader>00000cas a22000007a 4500</leader><controlfield tag="001">16679339</controlfield><controlfield tag="008">870914d18971932pauwr ne      0    0eng d</controlfield><datafield ind1=" " ind2=" " tag="010"><subfield code="a">sn 87078344 </subfield></datafield><datafield ind1=" " ind2=" " tag="040"><subfield code="a">NPH</subfield><subfield code="b">eng</subfield><subfield code="c">NPH</subfield><subfield code="d">OCLCQ</subfield></datafield><datafield ind1=" " ind2=" " tag="042"><subfield code="a">msc</subfield></datafield><datafield ind1="0" ind2="4" tag="245"><subfield code="a">The McDonald record.</subfield></datafield><datafield ind1="3" ind2="0" tag="246"><subfield code="a">M'Donald record</subfield></datafield><datafield ind1=" " ind2=" " tag="260"><subfield code="a">McDonald, Washington County, Pa. :</subfield><subfield code="b">McDonald Pub. Co.,</subfield><subfield code="c">-1932.</subfield></datafield><datafield ind1=" " ind2=" " tag="300"><subfield code="a">v. ;</subfield><subfield code="c">53 cm.</subfield></datafield><datafield ind1=" " ind2=" " tag="310"><subfield code="a">Weekly</subfield></datafield><datafield ind1="1" ind2=" " tag="362"><subfield code="a">Began in Feb. 1897?</subfield></datafield><datafield ind1="0" ind2=" " tag="362"><subfield code="a">-v. 38, no. 27 (July 8, 1932).</subfield></datafield><datafield ind1=" " ind2=" " tag="500"><subfield code="a">Published as: M'Donald record, Sept. 22, 1900-Sept. 20, 1912.</subfield></datafield><datafield ind1=" " ind2=" " tag="500"><subfield code="a">Publisher: W.H. Cramer, &lt;Feb. 17, 1899&gt;; G.C. Kuehnert, &lt;1903&gt;.</subfield></datafield><datafield ind1=" " ind2=" " tag="588"><subfield code="a">Description based on: [vol. 3, no. 1] (Feb. 19, 1897).</subfield></datafield><datafield ind1=" " ind2=" " tag="752"><subfield code="a">United States</subfield><subfield code="b">Pennsylvania</subfield><subfield code="c">Washington</subfield><subfield code="d">McDonald.</subfield></datafield><datafield ind1=" " ind2=" " tag="752"><subfield code="a">United States</subfield><subfield code="b">Pennsylvania</subfield><subfield code="c">Allegheny</subfield><subfield code="d">McDonald.</subfield></datafield><datafield ind1="0" ind2="0" tag="780"><subfield code="t">McDonald weekly telephone</subfield><subfield code="w">(DLC)sn 87078345</subfield></datafield><datafield ind1="0" ind2="7" tag="785"><subfield code="t">M'Donald outlook (McDonald, Pa. : 1892)</subfield><subfield code="w">(DLC)sn 88079046</subfield></datafield><datafield ind1="0" ind2="7" tag="785"><subfield code="t">Record-outlook</subfield><subfield code="w">(DLC)sn 84007719</subfield></datafield></record>